@inbook{SF,
  author 			= "G. Strang and G. Fix ",
  editor        	= "",
  title        		= "An analysis of the finite element method",
  chapter       	= "",
  pages         	= "",
  publisher     	= "Wellesley-Cambridge",
  year          	= "2008",
  volume        	= "",
  number        	= "",
  series        	= "",
  type          	= "",
  address       	= "",
  edition       	= "2nd",
  month         	= "may",
  note          	= ""
}



@article{sun,
 author = "J.C. Sun",
 title = "New  schemes  with fractal error compensation  for  PDE  eigenvalue  computations",
 journal = "Science China Mathematics",
 volume = "57",
 pages = "221-244",
 year = "2014",
 month = "",
}

@article{sun2,
	author = {J.C. Sun},
	title = {Multi-neighbouring grids schemes  for  solving PDE eigen-problems},
	journal = {Science China Mathematics},
	year = {2013},
	volume = {56},
	number = {12},
	pages = {2677-2700},
	month = {},
}

@article{LX,
 	author			= "Q. Lin and H.H. Xie",
 	title         	= "Extrapolation of the linear elements on general meshes",
 	journal       	= "International Journal of  numerical analysis and modeling",
 	year          	= "2013",
 	volume			= "10",
 	number        	= "",
 	pages         	= "139-153",
 	month         	= "",
 	note          	= ""
} 

@article{HJ,
 	author        	= "J. Hu and H.Y. Man and S.Y. Zhang",
 	title         	= " A simple conforming mixed finite element for linear llasticity on rectangular grids in any space dimension",
 	journal       	= "Journal of Scientific Computing",
 	year          	= "2013",
 	volume        	= "",
 	number        	= "",
 	pages         	= "",
 	month         	= "jun",
 	note          	= ""
}



@article{lump,
 	author        	= "A.B. Andreev and V.A. Kascieva and M. Vanmaele",
 	title         	= " Some results  in  lumped  mass finite-element approximation  of  eigenvalue  problems using  numerical  quadrature formulas",
 	journal       	= "Journal  of  Computational  and  Applied  Mathematics",
 	year          	= "1996",
 	volume        	= "43",
 	number        	= "",
 	pages         	= "291-311",
 	month         	= "",
 	note          	= ""
}


@article{note,
  author					= "E. Hinton and T. Rock and O.C. Zienkiewicz",
  title 					= "A note on mass lumping  and related processes in the finite element method",
  journal 				= "Earthquake Engineering and Structural Dynamics",
  year 						= "1976",
  volume        	= "4",
  month 					= "",
  pages 					= "245-249"
}



@inbook{FEM,
  author 			= {O.C. Zienkiewicz and R.L. Taylor},
  editor        	= "",
  title        		= "Finite element method",
  chapter       	= "",
  pages         	= "",
  publisher     	= " Butterworth-Heinemann",
  year          	= "2000",
  volume        	= "",
  number        	= "",
  series        	= "",
  type          	= "",
  address       	= "",
  edition       	= "5th",
  month         	= "",
  note          	= ""
}


@article{Zhang,
  author        	= "H.R. Zhang and J.W. Cao and J.C. Sun",
  title        		= "Calculation and analysis of several high accuracy scheme for solving ODE eigenproblem on non-uniform grid ",
  journal       	= "journal on numerical methods and computer applications",
  year          	= "2014",
  volume        	= "35",
  number        	= "2",
  pages         	= "131-152",
  month         	= "June",
  note          	= ""
}


@article{Barth,
  author        	= "T.J. Barth",
  title        		= "Recent developments in high order k-exact reconstruction on unstructured meshes",
  journal       	= " AIAA",
  year          	= "1993",
  volume        	= "",
  number        	= "",
  pages         	= "",
  month         	= "jan",
  note          	= ""
}

@article{dxz,
  author        	= "X. Dai and  J. Xu and A. Zhou",
  title        		= "Convergence and optimal complexity of adaptive finite element eigenvalue computations",
  journal       	= "Numer.Math. ",
  year          	= "2008",
  volume        	= "110",
  number        	= "",
  pages         	= "313-355",
  month         	= "",
  note          	= ""
}

@article{H13,
  author        	= " X. Haider and P. Brenner and B. Courbet and J.P. Croisille",
  title        		= "Parallel implementation of k-exact Finite Volume Reconstruction on Unstructured Grids",
  journal       	= "High Order Nonlinear Numerical Methods for Evolutionary PDE's (HONOM)",
  year          	= "2013",
  volume        	= "",
  number        	= "",
  pages         	= "",
  month         	= "March",
  note          	= ""
}


@article{lx2,
  author        	= "Q. Lin and H.H. Xie",
  title        		= "New expansions of numerical eigenvalue for $-\Delta u=\lambda \rho u$ by linear elements on different triangular meshes",
  journal       	= "International Journal of  Informatics and system sciences",
  year          	= "2010",
  volume        	= "6",
  number        	= "",
  pages         	= "10-34",
  month         	= "",
  note          	= ""
}



@article{Zhang06,
  author        	= "A. Naga, Z. Zhang, A. Zhou",
  title        		= "Enhancing eigenvalue approximation by gradient recovery",
  journal       	= "SIAM J. Sci. Comput",
  year          	= "2006",
  volume        	= "28",
  number        	= "",
  pages         	= "1289-130",
  month         	= "",
  note          	= ""
}




@article{Zhang10,
  author        	= "R.H.W. Hoppe and H. Wu and Z. Zhang",
  title        		= "Adaptive finite element methods for the Laplace eigenvalue problem",
  journal       	= "Journal of Numerical Mathematics",
  year          	= "2010",
  volume        	= "18",
  number        	= "",
  pages         	= "281-302",
  month         	= "dec",
  note          	= ""
}


@article{Zhang12,
  author        	= "Z. Zhang and A. Naga",
  title        		= "Function value recovery and its application in eigenvalue problems",
  journal       	= "SIAM J. Numer. Anal",
  year          	= "2012",
  volume        	= "50",
  number        	= "",
  pages         	= "",
  month         	= "mar",
  note          	= ""
}

